<record><leader>00000cas a22000007a 4500</leader><controlfield tag="001">10250772</controlfield><controlfield tag="008">831227d19031908ksusr ne      0   a0eng d</controlfield><datafield ind1=" " ind2=" " tag="010"><subfield code="a">sn 83040873 </subfield></datafield><datafield ind1=" " ind2=" " tag="040"><subfield code="a">KSH</subfield><subfield code="b">eng</subfield><subfield code="c">KSH</subfield><subfield code="d">NPT</subfield><subfield code="d">OCLCQ</subfield></datafield><datafield ind1=" " ind2=" " tag="042"><subfield code="a">msc</subfield></datafield><datafield ind1=" " ind2=" " tag="043"><subfield code="a">n-us-ks</subfield></datafield><datafield ind1="0" ind2=" " tag="130"><subfield code="a">Comment (LeRoy, Kan.)</subfield></datafield><datafield ind1="1" ind2="4" tag="245"><subfield code="a">The comment.</subfield></datafield><datafield ind1=" " ind2=" " tag="260"><subfield code="a">LeRoy, Kan. :</subfield><subfield code="b">J.S. &amp; Harry L. Covert,</subfield><subfield code="c">1903-1908.</subfield></datafield><datafield ind1=" " ind2=" " tag="300"><subfield code="a">6 v. :</subfield><subfield code="b">ill. ;</subfield><subfield code="c">55 cm.</subfield></datafield><datafield ind1=" " ind2=" " tag="310"><subfield code="a">Semimonthly</subfield></datafield><datafield ind1="0" ind2=" " tag="362"><subfield code="a">Vol. 3, no. 12 (Feb. 16, 1903)-v. 8, no. 24 (Aug. 13, 1908).</subfield></datafield><datafield ind1=" " ind2=" " tag="752"><subfield code="a">United States</subfield><subfield code="b">Kansas</subfield><subfield code="c">Coffey</subfield><subfield code="d">LeRoy.</subfield></datafield><datafield ind1="0" ind2="0" tag="780"><subfield code="t">Busy bee (LeRoy, Kan.)</subfield><subfield code="w">(DLC)sn 83040866</subfield></datafield><datafield ind1="0" ind2="0" tag="785"><subfield code="t">LeRoy comment</subfield><subfield code="w">(DLC)sn 83040877</subfield></datafield></record>